 @book{livre,
    title = "Windows Phone 7, D{\'e}veloppez avec Visual Studio, Siverlight et XNA",
    author = "L{\'e}onard Labat, Julien Corioland et Florent Santin",
    publisher = "ENI",
    year = "2011"
 }
 
@misc{wiki,
      note = "\url{fr.wikipedia.org/}"
}

@misc{siteduzero,
      note = "\url{siteduzero.com/}"
}

@misc{developpez,
      note = "\url{developpez.com/}"
}

@misc{windowsphone,
      note = "\url{dev.windowsphone.com/en-us/develop}"
}

@misc{microsoft,
      note = "\url{msdn.microsoft.com/}"
}

